@article{EPR,
  title = {Can Quantum-Mechanical Description of Physical Reality Be Considered Complete?},
  author = {Einstein, A. and Podolsky, B. and Rosen, N.},
  journal = {Phys. Rev.},
  volume = {47},
  issue = {10},
  pages = {777--780},
  numpages = {0},
  year = {1935},
  month = {May},
  publisher = {American Physical Society},
  doi = {10.1103/PhysRev.47.777},
  url = {https://link.aps.org/doi/10.1103/PhysRev.47.777}
}

@misc{chandalia_measure_theory_2007,
 author={Gaurav Chandalia},
 title={A gentle introduction to {M}easure {T}heory},
 year={2007},
 url={http://citeseerx.ist.psu.edu/viewdoc/download?doi=10.1.1.124.3854&rep=rep1&type=pdf}
}

@misc{mathworld_lebesgue_measure,
  author={Weisstein, Eric W.},
  title={Lebesgue Measure},
  url={http://mathworld.wolfram.com/LebesgueMeasure.html},
  note={Last visited on 2012-11-11}
}

@book{chalasani1997,
  title={Stochastic Calculus and Finance},
  author={Shreve, S. and Chalasani, P. and Jha, S.},
  month={October},
  year={1997}
}
